<?xml version="1.0" encoding="UTF-8"?><record xmlns="http://www.loc.gov/MARC21/slim" xmlns:cinclude="http://apache.org/cocoon/include/1.0" xmlns:zs="http://www.loc.gov/zing/srw/">
  <leader>00443nz  a2200145n  4500</leader>
  <controlfield tag="001">no 98040526 </controlfield>
  <controlfield tag="003">DLC</controlfield>
  <controlfield tag="005">19980127055005.6</controlfield>
  <controlfield tag="008">980126n| acannaab|          |n aad     c</controlfield>
  <datafield tag="010" ind1=" " ind2=" ">
    <subfield code="a">no 98040526 </subfield>
  </datafield>
  <datafield tag="035" ind1=" " ind2=" ">
    <subfield code="a">(OCoLC)oca04624351 </subfield>
  </datafield>
  <datafield tag="040" ind1=" " ind2=" ">
    <subfield code="a">OCoLC</subfield>
    <subfield code="c">OCoLC</subfield>
  </datafield>
  <datafield tag="100" ind1="1" ind2="0">
    <subfield code="a">Huuck, Reinhard,</subfield>
    <subfield code="d">1943-</subfield>
    <subfield code="t">Chorales,</subfield>
    <subfield code="m">saxophones (4)</subfield>
  </datafield>
  <datafield tag="667" ind1=" " ind2=" ">
    <subfield code="a">Machine-derived authority record.</subfield>
  </datafield>
  <datafield tag="670" ind1=" " ind2=" ">
    <subfield code="a">LCCN 94-772573: Huuck, R. 3 ChorĂŚle fuĚr Saxophonquartett, c1992</subfield>
  </datafield>
</record>